<record><leader>00000cas a2200000 a 4500</leader><controlfield tag="001">6429861</controlfield><controlfield tag="008">800617d19801986laudr ne      0    0eng c</controlfield><datafield ind1=" " ind2=" " tag="010"><subfield code="a">sn 83045788 </subfield></datafield><datafield ind1=" " ind2=" " tag="040"><subfield code="a">GSU</subfield><subfield code="b">eng</subfield><subfield code="c">GSU</subfield><subfield code="d">MUL</subfield><subfield code="d">NPW</subfield><subfield code="d">DLC</subfield><subfield code="d">NYG</subfield><subfield code="d">IUL</subfield><subfield code="d">NPA</subfield><subfield code="d">NJW</subfield><subfield code="d">NPA</subfield><subfield code="d">DLC</subfield><subfield code="d">LNP</subfield><subfield code="d">KNP</subfield><subfield code="d">NSD</subfield><subfield code="d">YOX</subfield><subfield code="d">KNP</subfield><subfield code="d">CRL</subfield><subfield code="d">CNK</subfield><subfield code="d">NVF</subfield><subfield code="d">OBN</subfield><subfield code="d">LNP</subfield><subfield code="d">CVF</subfield><subfield code="d">DLC</subfield><subfield code="d">OCLCQ</subfield><subfield code="d">OCLCF</subfield><subfield code="d">OCLCA</subfield></datafield><datafield ind1="1" ind2=" " tag="029"><subfield code="a">AU@</subfield><subfield code="b">000020419537</subfield></datafield><datafield ind1=" " ind2=" " tag="032"><subfield code="a">381820</subfield><subfield code="b">USPS</subfield></datafield><datafield ind1=" " ind2=" " tag="042"><subfield code="a">pcc</subfield></datafield><datafield ind1=" " ind2=" " tag="043"><subfield code="a">n-us-la</subfield></datafield><datafield ind1="0" ind2="0" tag="050"><subfield code="a">Newspaper</subfield></datafield><datafield ind1="0" ind2="4" tag="082"><subfield code="a">050</subfield></datafield><datafield ind1="0" ind2="0" tag="245"><subfield code="a">Times-picayune the states-item.</subfield></datafield><datafield ind1="1" ind2=" " tag="246"><subfield code="i">Issues for Sunday June 8, 1980-Sept. 30, 1986 published as:</subfield><subfield code="a">Times-picayune</subfield></datafield><datafield ind1=" " ind2=" " tag="260"><subfield code="a">New Orleans, La. :</subfield><subfield code="b">Times-Picayune Pub. Corp.,</subfield><subfield code="c">1980-1986.</subfield></datafield><datafield ind1=" " ind2=" " tag="300"><subfield code="a">6 v.</subfield></datafield><datafield ind1=" " ind2=" " tag="310"><subfield code="a">Daily</subfield></datafield><datafield ind1="0" ind2=" " tag="362"><subfield code="a">144th year, no. 130 (June 2, 1980)-150th yr., no. 249 (Sept. 30, 1986).</subfield></datafield><datafield ind1=" " ind2=" " tag="530"><subfield code="a">Available on microfilm from Bell &amp; Howell Information and Learning.</subfield></datafield><datafield ind1=" " ind2=" " tag="580"><subfield code="a">Merger of: Times-picayune (New Orleans, La. : 1914), and: States-item.</subfield></datafield><datafield ind1=" " ind2="0" tag="651"><subfield code="a">New Orleans (La.)</subfield><subfield code="v">Newspapers.</subfield></datafield><datafield ind1=" " ind2="0" tag="651"><subfield code="a">Orleans Parish (La.)</subfield><subfield code="v">Newspapers.</subfield></datafield><datafield ind1=" " ind2="7" tag="655"><subfield code="a">Newspapers.</subfield><subfield code="2">fast</subfield><subfield code="0">(OCoLC)fst01423814</subfield></datafield><datafield ind1=" " ind2="7" tag="651"><subfield code="a">Louisiana</subfield><subfield code="z">New Orleans.</subfield><subfield code="2">fast</subfield><subfield code="0">(OCoLC)fst01204311</subfield></datafield><datafield ind1=" " ind2="7" tag="651"><subfield code="a">Louisiana</subfield><subfield code="z">Orleans Parish.</subfield><subfield code="2">fast</subfield><subfield code="0">(OCoLC)fst01223094</subfield></datafield><datafield ind1=" " ind2=" " tag="752"><subfield code="a">United States</subfield><subfield code="b">Louisiana</subfield><subfield code="c">Orleans</subfield><subfield code="d">New Orleans.</subfield></datafield><datafield ind1="1" ind2="4" tag="780"><subfield code="t">Times-picayune (New Orleans, La. : 1914)</subfield><subfield code="w">(DLC)sn 83045373</subfield><subfield code="w">(OCoLC)1767519</subfield></datafield><datafield ind1="1" ind2="4" tag="780"><subfield code="t">States-item</subfield><subfield code="w">(DLC)sn 88064622</subfield><subfield code="w">(OCoLC)18545850</subfield></datafield><datafield ind1="0" ind2="0" tag="785"><subfield code="t">Times-picayune (New Orleans, La. : 1986)</subfield><subfield code="x">1055-3053</subfield><subfield code="w">(DLC)sn 87068477</subfield><subfield code="w">(OCoLC)15937704</subfield></datafield></record>